<?xml version="1.0" encoding="UTF-8"?><collection xmlns="http://www.loc.gov/MARC21/slim"><record><leader>00397nam--2200145-i-4500</leader><controlfield tag="001">000017109</controlfield><controlfield tag="002">20161230</controlfield><controlfield tag="005">20161230201032</controlfield><controlfield tag="008">060222s1000------------r-----000-0-eng-d</controlfield><datafield ind1=" " ind2=" " tag="080"><subfield code="a">621.375.826</subfield></datafield><datafield ind1=" " ind2=" " tag="245"><subfield code="a">Applied laser spectroscopy</subfield></datafield><datafield ind1=" " ind2=" " tag="260"><subfield code="a">New York, Plenum Press, 1990. Xii + 499 P</subfield></datafield><datafield ind1=" " ind2=" " tag="490"><subfield code="a">Nato Asi Series. Series B</subfield></datafield><datafield ind1=" " ind2=" " tag="700"><subfield code="a">Wolfgang Demtroder And Massimo Inguscu</subfield></datafield><datafield ind1=" " ind2=" " tag="852"><subfield code="a">42270</subfield></datafield></record></collection>